
  <record>
    <leader>01000aam  22002601a 4500</leader>
    <controlfield tag="001">YPZ835</controlfield>
    <controlfield tag="003">YPZ</controlfield>
    <controlfield tag="005">200504210000000</controlfield>
    <controlfield tag="008">050421|###########||||||b||||||||||spa|d</controlfield>
    <datafield tag="040" ind1=" " ind2=" ">
      <subfield code="c">SIUNPA</subfield>
    </datafield>
    <datafield tag="041" ind1=" " ind2=" ">
      <subfield code="a">spa</subfield>
    </datafield>
    <datafield tag="044" ind1=" " ind2=" ">
      <subfield code="a">AR</subfield>
    </datafield>
    <datafield tag="080" ind1=" " ind2=" ">
      <subfield code="a">MC51 M489c</subfield>
    </datafield>
    <datafield tag="100" ind1=" " ind2=" ">
      <subfield code="a">Médico, Oscar A..</subfield>
    </datafield>
    <datafield tag="245" ind1=" " ind2=" ">
      <subfield code="a">Curso de matemática</subfield>
      <subfield code="c"> / Lorenzetti, Daniel, rev. y corr. ; D'Amelio, María Elena, rev. y corr.</subfield>
    </datafield>
    <datafield tag="260" ind1=" " ind2=" ">
      <subfield code="a">Río Turbio</subfield>
      <subfield code="b"> : Unidad Académica Río Turbio, UNPA</subfield>
      <subfield code="c"> , 1998</subfield>
    </datafield>
    <datafield tag="300" ind1=" " ind2=" ">
      <subfield code="a">[172] p. : </subfield>
      <subfield code="b">il. ; </subfield>
    </datafield>
    <datafield tag="650" ind1=" " ind2=" ">
      <subfield code="a"> MATEMATICAS</subfield>
    </datafield>
    <datafield tag="650" ind1=" " ind2=" ">
      <subfield code="a"> EJERCICIOS</subfield>
    </datafield>
    <datafield tag="942" ind1=" " ind2=" ">
      <subfield code="c">MC</subfield>
    </datafield>
    <datafield tag="952" ind1=" " ind2=" ">
      <subfield code="a">BIB_RECT</subfield>
      <subfield code="b">BIB_UACO</subfield>
      <subfield code="d">2008-02-19</subfield>
      <subfield code="y">MC</subfield>
      <subfield code="p">02-07871</subfield>
      <subfield code="i">02-07871</subfield>
      <subfield code="g">20</subfield>
      <subfield code="o">MC51 M489c</subfield>
      <subfield code="e">UACO</subfield>
      <subfield code="8">CG</subfield>
    </datafield>
    <datafield tag="952" ind1=" " ind2=" ">
      <subfield code="a">BIB_RECT</subfield>
      <subfield code="b">BIB_UACO</subfield>
      <subfield code="d">2008-02-19</subfield>
      <subfield code="y">MC</subfield>
      <subfield code="p">02-07872</subfield>
      <subfield code="i">02-07872</subfield>
      <subfield code="g">20</subfield>
      <subfield code="o">MC51 M489c</subfield>
      <subfield code="e">UACO</subfield>
      <subfield code="8">CG</subfield>
    </datafield>
    <datafield tag="952" ind1=" " ind2=" ">
      <subfield code="a">BIB_RECT</subfield>
      <subfield code="b">BIB_UACO</subfield>
      <subfield code="d">2008-02-19</subfield>
      <subfield code="y">MC</subfield>
      <subfield code="p">02-07873</subfield>
      <subfield code="i">02-07873</subfield>
      <subfield code="g">20</subfield>
      <subfield code="o">MC51 M489c</subfield>
      <subfield code="e">UACO</subfield>
      <subfield code="8">CG</subfield>
    </datafield>
    <datafield tag="952" ind1=" " ind2=" ">
      <subfield code="a">BIB_RECT</subfield>
      <subfield code="b">BIB_UACO</subfield>
      <subfield code="d">2008-02-19</subfield>
      <subfield code="y">MC</subfield>
      <subfield code="p">02-07874</subfield>
      <subfield code="i">02-07874</subfield>
      <subfield code="g">20</subfield>
      <subfield code="o">MC51 M489c</subfield>
      <subfield code="e">UACO</subfield>
      <subfield code="8">CG</subfield>
    </datafield>
    <datafield tag="952" ind1=" " ind2=" ">
      <subfield code="a">BIB_RECT</subfield>
      <subfield code="b">BIB_UACO</subfield>
      <subfield code="d">2008-02-19</subfield>
      <subfield code="y">MC</subfield>
      <subfield code="p">02-07875</subfield>
      <subfield code="i">02-07875</subfield>
      <subfield code="g">20</subfield>
      <subfield code="o">MC51 M489c</subfield>
      <subfield code="e">UACO</subfield>
      <subfield code="8">CG</subfield>
    </datafield>
    <datafield tag="952" ind1=" " ind2=" ">
      <subfield code="a">BIB_RECT</subfield>
      <subfield code="b">BIB_UACO</subfield>
      <subfield code="d">2008-02-19</subfield>
      <subfield code="y">MC</subfield>
      <subfield code="p">02-07876</subfield>
      <subfield code="i">02-07876</subfield>
      <subfield code="g">20</subfield>
      <subfield code="o">MC51 M489c</subfield>
      <subfield code="e">UACO</subfield>
      <subfield code="8">CG</subfield>
    </datafield>
    <datafield tag="952" ind1=" " ind2=" ">
      <subfield code="a">BIB_RECT</subfield>
      <subfield code="b">BIB_UACO</subfield>
      <subfield code="d">2008-02-19</subfield>
      <subfield code="y">MC</subfield>
      <subfield code="p">02-07877</subfield>
      <subfield code="i">02-07877</subfield>
      <subfield code="g">20</subfield>
      <subfield code="o">MC51 M489c</subfield>
      <subfield code="e">UACO</subfield>
      <subfield code="8">CG</subfield>
    </datafield>
    <datafield tag="952" ind1=" " ind2=" ">
      <subfield code="a">BIB_RECT</subfield>
      <subfield code="b">BIB_UACO</subfield>
      <subfield code="d">2008-02-19</subfield>
      <subfield code="y">MC</subfield>
      <subfield code="p">02-07878</subfield>
      <subfield code="i">02-07878</subfield>
      <subfield code="g">20</subfield>
      <subfield code="o">MC51 M489c</subfield>
      <subfield code="e">UACO</subfield>
      <subfield code="8">CG</subfield>
    </datafield>
    <datafield tag="952" ind1=" " ind2=" ">
      <subfield code="a">BIB_RECT</subfield>
      <subfield code="b">BIB_UACO</subfield>
      <subfield code="d">2008-02-19</subfield>
      <subfield code="y">MC</subfield>
      <subfield code="p">02-07879</subfield>
      <subfield code="i">02-07879</subfield>
      <subfield code="g">20</subfield>
      <subfield code="o">MC51 M489c</subfield>
      <subfield code="e">UACO</subfield>
      <subfield code="8">CG</subfield>
    </datafield>
    <datafield tag="952" ind1=" " ind2=" ">
      <subfield code="a">BIB_RECT</subfield>
      <subfield code="b">BIB_UACO</subfield>
      <subfield code="d">2008-02-19</subfield>
      <subfield code="y">MC</subfield>
      <subfield code="p">02-07880</subfield>
      <subfield code="i">02-07880</subfield>
      <subfield code="g">20</subfield>
      <subfield code="o">MC51 M489c</subfield>
      <subfield code="e">UACO</subfield>
      <subfield code="8">CG</subfield>
    </datafield>
    <datafield tag="952" ind1=" " ind2=" ">
      <subfield code="a">BIB_RECT</subfield>
      <subfield code="b">BIB_UART</subfield>
      <subfield code="d">2006-11-10</subfield>
      <subfield code="y">MC</subfield>
      <subfield code="p">03-01077</subfield>
      <subfield code="i">03-01077</subfield>
      <subfield code="g"/>
      <subfield code="o">MC51 M489c</subfield>
      <subfield code="e"/>
      <subfield code="8">CG</subfield>
    </datafield>
    <datafield tag="952" ind1=" " ind2=" ">
      <subfield code="a">BIB_RECT</subfield>
      <subfield code="b">BIB_UART</subfield>
      <subfield code="d">2006-11-10</subfield>
      <subfield code="y">MC</subfield>
      <subfield code="p">03-01078</subfield>
      <subfield code="i">03-01078</subfield>
      <subfield code="g"/>
      <subfield code="o">MC51 M489c</subfield>
      <subfield code="e"/>
      <subfield code="8">CG</subfield>
    </datafield>
    <datafield tag="952" ind1=" " ind2=" ">
      <subfield code="a">BIB_RECT</subfield>
      <subfield code="b">BIB_UART</subfield>
      <subfield code="d">2006-11-10</subfield>
      <subfield code="y">MC</subfield>
      <subfield code="p">03-01079</subfield>
      <subfield code="i">03-01079</subfield>
      <subfield code="g"/>
      <subfield code="o">MC51 M489c</subfield>
      <subfield code="e"/>
      <subfield code="8">CG</subfield>
    </datafield>
    <datafield tag="952" ind1=" " ind2=" ">
      <subfield code="a">BIB_RECT</subfield>
      <subfield code="b">BIB_UASJ</subfield>
      <subfield code="d">2005-04-20</subfield>
      <subfield code="y">MC</subfield>
      <subfield code="p">04-mc0007</subfield>
      <subfield code="i">04-mc0007</subfield>
      <subfield code="g">18</subfield>
      <subfield code="o">MC51 M489c</subfield>
      <subfield code="e">Donación</subfield>
      <subfield code="8">CG</subfield>
    </datafield>
    <datafield tag="952" ind1=" " ind2=" ">
      <subfield code="a">BIB_RECT</subfield>
      <subfield code="b">BIB_UASJ</subfield>
      <subfield code="d">2005-04-20</subfield>
      <subfield code="y">MC</subfield>
      <subfield code="p">04-mc0009</subfield>
      <subfield code="i">04-mc0009</subfield>
      <subfield code="g">18</subfield>
      <subfield code="o">MC51 M489c</subfield>
      <subfield code="e">Donación</subfield>
      <subfield code="8">CG</subfield>
    </datafield>
  </record>