
  <record>
    <leader>01000aam  22002601a 4500</leader>
    <controlfield tag="001">YPZ92248</controlfield>
    <controlfield tag="003">YPZ</controlfield>
    <controlfield tag="005">200912011449330</controlfield>
    <controlfield tag="008">091201|###########||||||b||||||||||spa|d</controlfield>
    <datafield tag="040" ind1=" " ind2=" ">
      <subfield code="c">SIUNPA</subfield>
    </datafield>
    <datafield tag="041" ind1=" " ind2=" ">
      <subfield code="a">spa</subfield>
    </datafield>
    <datafield tag="044" ind1=" " ind2=" ">
      <subfield code="a">AR</subfield>
    </datafield>
    <datafield tag="080" ind1=" " ind2=" ">
      <subfield code="a">MC821.14'02 L776l 1</subfield>
    </datafield>
    <datafield tag="245" ind1=" " ind2=" ">
      <subfield code="a">Literatura griega I</subfield>
      <subfield code="c"> / Atienza, Alicia M., comp.</subfield>
    </datafield>
    <datafield tag="260" ind1=" " ind2=" ">
      <subfield code="a">Río Gallegos</subfield>
      <subfield code="c"> , 2008</subfield>
    </datafield>
    <datafield tag="505" ind1=" " ind2=" ">
      <subfield code="a">Contenido: módulo 1: Índice -- módulo 2: Índice -- módulo 3: Figuras III -- módulo 4: Narrators and focalizers - Homeric questions -- módulo 5: Odiseo - Lo sagrado y lo profano - El héroe de las mil caras - El paisaje sagrado en la Grecia arcaica - Mito y religión en la Grecia antigua -- módulo 6: Concepción homérica del lenguaje - Aquiles en la Odisea - Las guerras del futuro - Dioses y hombres en Ilíada y Odisea - La narración primitiva - El fuego y otros elementos - Los símiles en los poemas homéricos - Odisea en la Ciclopeia - La piedad y sus manifestaciones -- módulo 7: Ilíada - Aquiles - Homero. Odisea. Una introducción crítica - El problema de los géneros discursivos - Las pertubaciones mentales en los poemas homéricos - La sociedad homérica - Mito y realidad - La cólera de Aquiles. La mênis en la época griega - Medicina, religión y magia en el mundo griego - La expasión colonial - Cultura clásica griego</subfield>
    </datafield>
    <datafield tag="650" ind1=" " ind2=" ">
      <subfield code="a"> LITERATURA GRIEGA</subfield>
    </datafield>
    <datafield tag="942" ind1=" " ind2=" ">
      <subfield code="c">MC</subfield>
    </datafield>
    <datafield tag="952" ind1=" " ind2=" ">
      <subfield code="a">BIB_RECT</subfield>
      <subfield code="b">BIB_UARG</subfield>
      <subfield code="d">2014-03-19</subfield>
      <subfield code="y">MC</subfield>
      <subfield code="p">05-mc0163</subfield>
      <subfield code="i">05-mc0163</subfield>
      <subfield code="g">79</subfield>
      <subfield code="o">MC821.14'02 L776l 1</subfield>
      <subfield code="e">Donación</subfield>
      <subfield code="8">CG</subfield>
    </datafield>
    <datafield tag="952" ind1=" " ind2=" ">
      <subfield code="a">BIB_RECT</subfield>
      <subfield code="b">BIB_UARG</subfield>
      <subfield code="d">2010-06-04</subfield>
      <subfield code="y">MC</subfield>
      <subfield code="p">05-mc0179</subfield>
      <subfield code="i">05-mc0179</subfield>
      <subfield code="g">25</subfield>
      <subfield code="o">MC821.14'02 L776l 1</subfield>
      <subfield code="e">EAD UARG</subfield>
      <subfield code="8">CG</subfield>
    </datafield>
    <datafield tag="952" ind1=" " ind2=" ">
      <subfield code="a">BIB_RECT</subfield>
      <subfield code="b">BIB_UARG</subfield>
      <subfield code="d">2010-06-04</subfield>
      <subfield code="y">MC</subfield>
      <subfield code="p">05-mc0180</subfield>
      <subfield code="i">05-mc0180</subfield>
      <subfield code="g">25</subfield>
      <subfield code="o">MC821.14'02 L776l 1</subfield>
      <subfield code="e">EAD UARG</subfield>
      <subfield code="8">CG</subfield>
    </datafield>
    <datafield tag="952" ind1=" " ind2=" ">
      <subfield code="a">BIB_RECT</subfield>
      <subfield code="b">BIB_UARG</subfield>
      <subfield code="d">2010-06-04</subfield>
      <subfield code="y">MC</subfield>
      <subfield code="p">05-mc0181</subfield>
      <subfield code="i">05-mc0181</subfield>
      <subfield code="g">35</subfield>
      <subfield code="o">MC821.14'02 L776l 1</subfield>
      <subfield code="e">EAD UARG</subfield>
      <subfield code="8">CG</subfield>
    </datafield>
    <datafield tag="952" ind1=" " ind2=" ">
      <subfield code="a">BIB_RECT</subfield>
      <subfield code="b">BIB_UARG</subfield>
      <subfield code="d">2010-06-04</subfield>
      <subfield code="y">MC</subfield>
      <subfield code="p">05-mc0182</subfield>
      <subfield code="i">05-mc0182</subfield>
      <subfield code="g">35</subfield>
      <subfield code="o">MC821.14'02 L776l 1</subfield>
      <subfield code="e">EAD UARG</subfield>
      <subfield code="8">CG</subfield>
    </datafield>
    <datafield tag="952" ind1=" " ind2=" ">
      <subfield code="a">BIB_RECT</subfield>
      <subfield code="b">BIB_UARG</subfield>
      <subfield code="d">2010-06-04</subfield>
      <subfield code="y">MC</subfield>
      <subfield code="p">05-mc0183</subfield>
      <subfield code="i">05-mc0183</subfield>
      <subfield code="g">35</subfield>
      <subfield code="o">MC821.14'02 L776l 1</subfield>
      <subfield code="e">EAD UARG</subfield>
      <subfield code="8">CG</subfield>
    </datafield>
    <datafield tag="952" ind1=" " ind2=" ">
      <subfield code="a">BIB_RECT</subfield>
      <subfield code="b">BIB_UARG</subfield>
      <subfield code="d">2010-06-04</subfield>
      <subfield code="y">MC</subfield>
      <subfield code="p">05-mc0184</subfield>
      <subfield code="i">05-mc0184</subfield>
      <subfield code="g">25</subfield>
      <subfield code="o">MC821.14'02 L776l 1</subfield>
      <subfield code="e">EAD UARG</subfield>
      <subfield code="8">CG</subfield>
    </datafield>
    <datafield tag="952" ind1=" " ind2=" ">
      <subfield code="a">BIB_RECT</subfield>
      <subfield code="b">BIB_UARG</subfield>
      <subfield code="d">2010-06-04</subfield>
      <subfield code="y">MC</subfield>
      <subfield code="p">05-mc0185</subfield>
      <subfield code="i">05-mc0185</subfield>
      <subfield code="g">45</subfield>
      <subfield code="o">MC821.14'02 L776l 1</subfield>
      <subfield code="e">EAD UARG</subfield>
      <subfield code="8">CG</subfield>
    </datafield>
  </record>