
  <record>
    <leader>01000aam  22002601a 4500</leader>
    <controlfield tag="001">YPZ92255</controlfield>
    <controlfield tag="003">YPZ</controlfield>
    <controlfield tag="005">200912031355490</controlfield>
    <controlfield tag="008">091203|###########||||||b||||||||||spa|d</controlfield>
    <datafield tag="040" ind1=" " ind2=" ">
      <subfield code="c">SIUNPA</subfield>
    </datafield>
    <datafield tag="041" ind1=" " ind2=" ">
      <subfield code="a">spa</subfield>
    </datafield>
    <datafield tag="044" ind1=" " ind2=" ">
      <subfield code="a">AR</subfield>
    </datafield>
    <datafield tag="080" ind1=" " ind2=" ">
      <subfield code="a">004.413 S681c</subfield>
    </datafield>
    <datafield tag="100" ind1=" " ind2=" ">
      <subfield code="a">Sofia, Albert Osiris.</subfield>
    </datafield>
    <datafield tag="700" ind1=" " ind2=" ">
      <subfield code="a">Gesto, Esteban.</subfield>
    </datafield>
    <datafield tag="245" ind1=" " ind2=" ">
      <subfield code="a">Cátedra Gestión de Proyectos de Software</subfield>
    </datafield>
    <datafield tag="260" ind1=" " ind2=" ">
      <subfield code="a">Río Gallegos</subfield>
      <subfield code="c"> , 2008</subfield>
    </datafield>
    <datafield tag="500" ind1=" " ind2=" ">
      <subfield code="a">Material de cátedra: Proyecto de software (Licenciatura en sistemas) - Universidad Nacional de la Patagonia Austral, 2008</subfield>
    </datafield>
    <datafield tag="505" ind1=" " ind2=" ">
      <subfield code="a">Contiene: Parte 1, Cuaderno de la materia -- Parte 2, Presentaciones PSP -- Parte 3, Cuaderno de ejercicios -- Parte 4, Cuaderno de resultados</subfield>
    </datafield>
    <datafield tag="650" ind1=" " ind2=" ">
      <subfield code="a"> DESARROLLO DE SOFTWARE</subfield>
    </datafield>
    <datafield tag="650" ind1=" " ind2=" ">
      <subfield code="a"> PROYECTOS DE SOFTWARE</subfield>
    </datafield>
    <datafield tag="942" ind1=" " ind2=" ">
      <subfield code="c">MC</subfield>
    </datafield>
    <datafield tag="952" ind1=" " ind2=" ">
      <subfield code="a">BIB_RECT</subfield>
      <subfield code="b">BIB_UARG</subfield>
      <subfield code="d">2009-12-04</subfield>
      <subfield code="y">MC</subfield>
      <subfield code="p">05-mc0164</subfield>
      <subfield code="i">05-mc0164</subfield>
      <subfield code="g">18</subfield>
      <subfield code="o">004.413 S681c</subfield>
      <subfield code="e">Donación</subfield>
      <subfield code="8">CG</subfield>
    </datafield>
    <datafield tag="952" ind1=" " ind2=" ">
      <subfield code="a">BIB_RECT</subfield>
      <subfield code="b">BIB_UARG</subfield>
      <subfield code="d">2009-12-04</subfield>
      <subfield code="y">MC</subfield>
      <subfield code="p">05-mc0165</subfield>
      <subfield code="i">05-mc0165</subfield>
      <subfield code="g">18</subfield>
      <subfield code="o">004.413 S681c</subfield>
      <subfield code="e">Donación</subfield>
      <subfield code="8">CG</subfield>
    </datafield>
    <datafield tag="952" ind1=" " ind2=" ">
      <subfield code="a">BIB_RECT</subfield>
      <subfield code="b">BIB_UARG</subfield>
      <subfield code="d">2009-12-04</subfield>
      <subfield code="y">MC</subfield>
      <subfield code="p">05-mc0166</subfield>
      <subfield code="i">05-mc0166</subfield>
      <subfield code="g">18</subfield>
      <subfield code="o">004.413 S681c</subfield>
      <subfield code="e">Donación</subfield>
      <subfield code="8">CG</subfield>
    </datafield>
    <datafield tag="952" ind1=" " ind2=" ">
      <subfield code="a">BIB_RECT</subfield>
      <subfield code="b">BIB_UARG</subfield>
      <subfield code="d">2009-12-04</subfield>
      <subfield code="y">MC</subfield>
      <subfield code="p">05-mc0167</subfield>
      <subfield code="i">05-mc0167</subfield>
      <subfield code="g">18</subfield>
      <subfield code="o">004.413 S681c</subfield>
      <subfield code="e">Donación</subfield>
      <subfield code="8">CG</subfield>
    </datafield>
    <datafield tag="952" ind1=" " ind2=" ">
      <subfield code="a">BIB_RECT</subfield>
      <subfield code="b">BIB_UARG</subfield>
      <subfield code="d">2010-05-20</subfield>
      <subfield code="y">MC</subfield>
      <subfield code="p">05-mc0176</subfield>
      <subfield code="i">05-mc0176</subfield>
      <subfield code="g">18</subfield>
      <subfield code="o">004.413 S681c</subfield>
      <subfield code="e">Donación Osiris Sofía, Albert</subfield>
      <subfield code="8">CG</subfield>
    </datafield>
    <datafield tag="952" ind1=" " ind2=" ">
      <subfield code="a">BIB_RECT</subfield>
      <subfield code="b">BIB_UARG</subfield>
      <subfield code="d">2010-05-20</subfield>
      <subfield code="y">MC</subfield>
      <subfield code="p">05-mc0177</subfield>
      <subfield code="i">05-mc0177</subfield>
      <subfield code="g">18</subfield>
      <subfield code="o">004.413 S681c</subfield>
      <subfield code="e">Donación Osiris Sofía, Albert</subfield>
      <subfield code="8">CG</subfield>
    </datafield>
    <datafield tag="952" ind1=" " ind2=" ">
      <subfield code="a">BIB_RECT</subfield>
      <subfield code="b">BIB_UARG</subfield>
      <subfield code="d">2010-05-20</subfield>
      <subfield code="y">MC</subfield>
      <subfield code="p">05-mc0178</subfield>
      <subfield code="i">05-mc0178</subfield>
      <subfield code="g">18</subfield>
      <subfield code="o">004.413 S681c</subfield>
      <subfield code="e">Donación Osiris Sofía, Albert</subfield>
      <subfield code="8">CG</subfield>
    </datafield>
  </record>