
  <record>
    <leader>01000aam  22002601a 4500</leader>
    <controlfield tag="001">YPZ92549</controlfield>
    <controlfield tag="003">YPZ</controlfield>
    <controlfield tag="005">201003181843570</controlfield>
    <controlfield tag="008">100318|###########||||||b||||||||||spa|d</controlfield>
    <datafield tag="040" ind1=" " ind2=" ">
      <subfield code="c">SIUNPA</subfield>
    </datafield>
    <datafield tag="041" ind1=" " ind2=" ">
      <subfield code="a">spa</subfield>
    </datafield>
    <datafield tag="044" ind1=" " ind2=" ">
      <subfield code="a">AR</subfield>
    </datafield>
    <datafield tag="080" ind1=" " ind2=" ">
      <subfield code="a">MC821.14'02 L776l 2</subfield>
    </datafield>
    <datafield tag="245" ind1=" " ind2=" ">
      <subfield code="a">Literatura griega II</subfield>
      <subfield code="c"> / Atienza, Alicia, comp.</subfield>
    </datafield>
    <datafield tag="260" ind1=" " ind2=" ">
      <subfield code="a">Río Gallegos</subfield>
      <subfield code="c"> , [2007]</subfield>
    </datafield>
    <datafield tag="500" ind1=" " ind2=" ">
      <subfield code="a">El año de impresión varía según el ejemplar</subfield>
    </datafield>
    <datafield tag="505" ind1=" " ind2=" ">
      <subfield code="a">Contenido: módulo 1: Bibliografía general - módulo 2: Temas generales. Prácticos - módulo 3-4: Esquilo - módulo 5-6: Eurípides - módulo 7-8: Sófocles</subfield>
    </datafield>
    <datafield tag="650" ind1=" " ind2=" ">
      <subfield code="a"> LITERATURA GRIEGA</subfield>
    </datafield>
    <datafield tag="942" ind1=" " ind2=" ">
      <subfield code="c">MC</subfield>
    </datafield>
    <datafield tag="952" ind1=" " ind2=" ">
      <subfield code="a">BIB_RECT</subfield>
      <subfield code="b">BIB_UARG</subfield>
      <subfield code="d">2010-03-19</subfield>
      <subfield code="y">MC</subfield>
      <subfield code="p">05-mc0168</subfield>
      <subfield code="i">05-mc0168</subfield>
      <subfield code="g">59</subfield>
      <subfield code="o">MC821.14'02 L776l 2</subfield>
      <subfield code="e">Donación EAD</subfield>
      <subfield code="8">CG</subfield>
    </datafield>
    <datafield tag="952" ind1=" " ind2=" ">
      <subfield code="a">BIB_RECT</subfield>
      <subfield code="b">BIB_UARG</subfield>
      <subfield code="d">2010-03-19</subfield>
      <subfield code="y">MC</subfield>
      <subfield code="p">05-mc0169</subfield>
      <subfield code="i">05-mc0169</subfield>
      <subfield code="g">59</subfield>
      <subfield code="o">MC821.14'02 L776l 2</subfield>
      <subfield code="e">Donación EAD</subfield>
      <subfield code="8">CG</subfield>
    </datafield>
    <datafield tag="952" ind1=" " ind2=" ">
      <subfield code="a">BIB_RECT</subfield>
      <subfield code="b">BIB_UARG</subfield>
      <subfield code="d">2010-03-19</subfield>
      <subfield code="y">MC</subfield>
      <subfield code="p">05-mc0170</subfield>
      <subfield code="i">05-mc0170</subfield>
      <subfield code="g">49</subfield>
      <subfield code="o">MC821.14'02 L776l 2</subfield>
      <subfield code="e">Donación EAD</subfield>
      <subfield code="8">CG</subfield>
    </datafield>
    <datafield tag="952" ind1=" " ind2=" ">
      <subfield code="a">BIB_RECT</subfield>
      <subfield code="b">BIB_UARG</subfield>
      <subfield code="d">2010-03-19</subfield>
      <subfield code="y">MC</subfield>
      <subfield code="p">05-mc0171</subfield>
      <subfield code="i">05-mc0171</subfield>
      <subfield code="g">59</subfield>
      <subfield code="o">MC821.14'02 L776l 2</subfield>
      <subfield code="e">Donación EAD</subfield>
      <subfield code="8">CG</subfield>
    </datafield>
    <datafield tag="952" ind1=" " ind2=" ">
      <subfield code="a">BIB_RECT</subfield>
      <subfield code="b">BIB_UARG</subfield>
      <subfield code="d">2010-03-19</subfield>
      <subfield code="y">MC</subfield>
      <subfield code="p">05-mc0172</subfield>
      <subfield code="i">05-mc0172</subfield>
      <subfield code="g">59</subfield>
      <subfield code="o">MC821.14'02 L776l 2</subfield>
      <subfield code="e">Donación EAD</subfield>
      <subfield code="8">CG</subfield>
    </datafield>
    <datafield tag="952" ind1=" " ind2=" ">
      <subfield code="a">BIB_RECT</subfield>
      <subfield code="b">BIB_UARG</subfield>
      <subfield code="d">2010-03-19</subfield>
      <subfield code="y">MC</subfield>
      <subfield code="p">05-mc0173</subfield>
      <subfield code="i">05-mc0173</subfield>
      <subfield code="g">49</subfield>
      <subfield code="o">MC821.14'02 L776l 2</subfield>
      <subfield code="e">Donación EAD</subfield>
      <subfield code="8">CG</subfield>
    </datafield>
    <datafield tag="952" ind1=" " ind2=" ">
      <subfield code="a">BIB_RECT</subfield>
      <subfield code="b">BIB_UARG</subfield>
      <subfield code="d">2010-03-18</subfield>
      <subfield code="y">MC</subfield>
      <subfield code="p">05-mc0174</subfield>
      <subfield code="i">05-mc0174</subfield>
      <subfield code="g">49</subfield>
      <subfield code="o">MC821.14'02 L776l 2</subfield>
      <subfield code="e">Donación EAD</subfield>
      <subfield code="8">CG</subfield>
    </datafield>
    <datafield tag="952" ind1=" " ind2=" ">
      <subfield code="a">BIB_RECT</subfield>
      <subfield code="b">BIB_UARG</subfield>
      <subfield code="d">2010-03-19</subfield>
      <subfield code="y">MC</subfield>
      <subfield code="p">05-mc0175</subfield>
      <subfield code="i">05-mc0175</subfield>
      <subfield code="g">59</subfield>
      <subfield code="o">MC821.14'02 L776l 2</subfield>
      <subfield code="e">Donación EAD</subfield>
      <subfield code="8">CG</subfield>
    </datafield>
  </record>