
  <record>
    <leader>01000aam  22002601a 4500</leader>
    <controlfield tag="001">YPZ93393</controlfield>
    <controlfield tag="003">YPZ</controlfield>
    <controlfield tag="005">201009131921140</controlfield>
    <controlfield tag="008">100913|###########||||||b||||||||||spa|d</controlfield>
    <datafield tag="040" ind1=" " ind2=" ">
      <subfield code="c">SIUNPA</subfield>
    </datafield>
    <datafield tag="041" ind1=" " ind2=" ">
      <subfield code="a">spa</subfield>
    </datafield>
    <datafield tag="044" ind1=" " ind2=" ">
      <subfield code="a">AR</subfield>
    </datafield>
    <datafield tag="080" ind1=" " ind2=" ">
      <subfield code="a">621.65 M294m</subfield>
    </datafield>
    <datafield tag="110" ind1=" " ind2=" ">
      <subfield code="a">Ritz Pumpenfabrik (Alemania).</subfield>
    </datafield>
    <datafield tag="245" ind1=" " ind2=" ">
      <subfield code="a">Manual del usuario del software WIMPUMP Collection 2.1a</subfield>
      <subfield code="b"> : software de aplicación al diseño de instalaciones de bombeo seriadas bajo normas de calidad DIN ISO 9001</subfield>
      <subfield code="c"> / Reinhard, Rodolfo G., tr. y comp.</subfield>
    </datafield>
    <datafield tag="260" ind1=" " ind2=" ">
      <subfield code="a">Río Gallegos</subfield>
      <subfield code="c"> , 2005</subfield>
    </datafield>
    <datafield tag="500" ind1=" " ind2=" ">
      <subfield code="a">Material de cátedra: Física aplicada (Ingeniería en Recursos Naturales Renovables), Universidad Nacional de la Patagonia Austral, 2005</subfield>
    </datafield>
    <datafield tag="650" ind1=" " ind2=" ">
      <subfield code="a"> PROGRAMA DE COMPUTADORA</subfield>
    </datafield>
    <datafield tag="650" ind1=" " ind2=" ">
      <subfield code="a"> BOMBAS (MECANICA)</subfield>
    </datafield>
    <datafield tag="650" ind1=" " ind2=" ">
      <subfield code="a"> INGENIERIA MECANICA</subfield>
    </datafield>
    <datafield tag="942" ind1=" " ind2=" ">
      <subfield code="c">MC</subfield>
    </datafield>
    <datafield tag="952" ind1=" " ind2=" ">
      <subfield code="a">BIB_RECT</subfield>
      <subfield code="b">BIB_UARG</subfield>
      <subfield code="d">2010-09-13</subfield>
      <subfield code="y">MC</subfield>
      <subfield code="p">05-mc0070</subfield>
      <subfield code="i">05-mc0070</subfield>
      <subfield code="g">32</subfield>
      <subfield code="o">621.65 M294m</subfield>
      <subfield code="e">Donación</subfield>
      <subfield code="8">CG</subfield>
    </datafield>
    <datafield tag="952" ind1=" " ind2=" ">
      <subfield code="a">BIB_RECT</subfield>
      <subfield code="b">BIB_UARG</subfield>
      <subfield code="d">2010-09-13</subfield>
      <subfield code="y">MC</subfield>
      <subfield code="p">05-mc0189</subfield>
      <subfield code="i">05-mc0189</subfield>
      <subfield code="g">15</subfield>
      <subfield code="o">621.65 M294m</subfield>
      <subfield code="e">Donación</subfield>
      <subfield code="8">CG</subfield>
    </datafield>
    <datafield tag="952" ind1=" " ind2=" ">
      <subfield code="a">BIB_RECT</subfield>
      <subfield code="b">BIB_UARG</subfield>
      <subfield code="d">2010-09-13</subfield>
      <subfield code="y">MC</subfield>
      <subfield code="p">05-mc0190</subfield>
      <subfield code="i">05-mc0190</subfield>
      <subfield code="g">15</subfield>
      <subfield code="o">621.65 M294m</subfield>
      <subfield code="e">Donación</subfield>
      <subfield code="8">CG</subfield>
    </datafield>
  </record>