
  <record>
    <leader>01000aam  22002601a 4500</leader>
    <controlfield tag="001">YPZ93795</controlfield>
    <controlfield tag="003">YPZ</controlfield>
    <controlfield tag="005">201102231455010</controlfield>
    <controlfield tag="008">110223|###########||||||b||||||||||spa|d</controlfield>
    <datafield tag="040" ind1=" " ind2=" ">
      <subfield code="c">SIUNPA</subfield>
    </datafield>
    <datafield tag="041" ind1=" " ind2=" ">
      <subfield code="a">spa</subfield>
    </datafield>
    <datafield tag="044" ind1=" " ind2=" ">
      <subfield code="a">AR</subfield>
    </datafield>
    <datafield tag="080" ind1=" " ind2=" ">
      <subfield code="a">004.2 T137a</subfield>
    </datafield>
    <datafield tag="100" ind1=" " ind2=" ">
      <subfield code="a">Talay, Carlos Alberto.</subfield>
    </datafield>
    <datafield tag="245" ind1=" " ind2=" ">
      <subfield code="a">Arquitectura de computadoras</subfield>
    </datafield>
    <datafield tag="260" ind1=" " ind2=" ">
      <subfield code="a">Río Gallegos</subfield>
      <subfield code="b"> : Unidad Académica Río Gallegos, UNPA</subfield>
      <subfield code="c"> , 2010</subfield>
    </datafield>
    <datafield tag="300" ind1=" " ind2=" ">
      <subfield code="a">263 p. : </subfield>
      <subfield code="a">98 p. : </subfield>
      <subfield code="b">il. ; </subfield>
      <subfield code="a">162 p. : </subfield>
      <subfield code="b">il. ; </subfield>
      <subfield code="a">[450] p. en varías paginaciones : </subfield>
      <subfield code="b">il. ; </subfield>
      <subfield code="a">60 h. : </subfield>
      <subfield code="b">il. ; </subfield>
      <subfield code="a">3 v. : </subfield>
      <subfield code="a">37 h. : </subfield>
      <subfield code="a">101 h. : </subfield>
      <subfield code="a">60 h. : </subfield>
      <subfield code="b">il. ; </subfield>
      <subfield code="a">ca[120] h. : </subfield>
      <subfield code="a">101 h. : </subfield>
      <subfield code="b">il. ; </subfield>
      <subfield code="a">iii, 165 h. : </subfield>
      <subfield code="b">il. ; </subfield>
      <subfield code="a">[99] p. en varias paginaciones : </subfield>
      <subfield code="b">il. ; </subfield>
      <subfield code="a">7 v. : </subfield>
      <subfield code="a">4 v. : </subfield>
      <subfield code="b">il. ; </subfield>
      <subfield code="a">8 v. : </subfield>
      <subfield code="a">145 h. : </subfield>
      <subfield code="b">il. ; </subfield>
      <subfield code="a">121 h. : </subfield>
      <subfield code="b">il. ; </subfield>
      <subfield code="a">2 v. : </subfield>
      <subfield code="b">il. ; </subfield>
      <subfield code="a">87 h. : </subfield>
      <subfield code="b">il. ; </subfield>
      <subfield code="a">2 v. : </subfield>
      <subfield code="b">il. ; </subfield>
      <subfield code="a">[54] h. : </subfield>
      <subfield code="b">il. ; </subfield>
      <subfield code="a">[74] h. : </subfield>
      <subfield code="b">il. ; </subfield>
      <subfield code="a">[90] h. : </subfield>
      <subfield code="b">il. ; </subfield>
      <subfield code="a">ca. 233 h. en varias foliaciones : </subfield>
      <subfield code="b">il. ; </subfield>
      <subfield code="e">1 CD-ROM en bolsillo</subfield>
    </datafield>
    <datafield tag="500" ind1=" " ind2=" ">
      <subfield code="a">Material de cátedra de la carrera Analista de Sistemas y Licenciatura en Sistemas - Universidad Nacional de la Patagonia Austral, 2010</subfield>
    </datafield>
    <datafield tag="650" ind1=" " ind2=" ">
      <subfield code="a"> ARQUITECTURA DE COMPUTADORAS</subfield>
    </datafield>
    <datafield tag="942" ind1=" " ind2=" ">
      <subfield code="c">MC</subfield>
    </datafield>
    <datafield tag="952" ind1=" " ind2=" ">
      <subfield code="a">BIB_RECT</subfield>
      <subfield code="b">BIB_UARG</subfield>
      <subfield code="d">2011-02-28</subfield>
      <subfield code="y">MC</subfield>
      <subfield code="p">05-mc193</subfield>
      <subfield code="i">05-mc193</subfield>
      <subfield code="g">20</subfield>
      <subfield code="o">004.2 T137a</subfield>
      <subfield code="e">Acuerdo Nº689/10</subfield>
      <subfield code="8">CG</subfield>
    </datafield>
  </record>